@misc{1606.01540,
        Author = {Greg Brockman and Vicki Cheung and Ludwig Pettersson and Jonas Schneider and John Schulman and Jie Tang and Wojciech Zaremba},
        Title = {OpenAI Gym},
        Year = {2016},
        Eprint = {arXiv:1606.01540},
        url = {https://gym.openai.com/}
}
@article{hochreiter1997long,
  title={Long short-term memory},
  author={Hochreiter, Sepp and Schmidhuber, J{\"u}rgen},
  journal={Neural computation},
  volume={9},
  number={8},
  pages={1735--1780},
  year={1997},
  publisher={MIT Press}
}
@inproceedings{simonyan2014very,
  title={Very deep convolutional networks for large-scale image recognition},
  author={Simonyan, Karen and Zisserman, Andrew},
  booktitle = {ICLR},
  year={2014}
}
@article{bellemare2013arcade,
  title={The Arcade Learning Environment: An Evaluation Platform for General Agents},
  author={Bellemare, Marc G and Naddaf, Yavar and Veness, Joel and Bowling, Michael},
  journal={Journal of Artificial Intelligence Research},
  volume={47},
  pages={253--279},
  year={2013}
}
@incollection{caruana1998multitask,
  title={Multitask learning},
  author={Caruana, Rich},
  booktitle={Learning to learn},
  pages={95--133},
  year={1998},
  publisher={Springer}
}
@article{mccloskey1989catastrophic,
	title={Catastrophic interference in connectionist networks: The sequential learning problem},
	author={McCloskey, Michael and Cohen, Neal J},
	journal={Psychology of learning and motivation},
	volume={24},
	pages={109--165},
	year={1989},
	publisher={Elsevier}
}
@article{mcclelland1995there,
	title={Why there are complementary learning systems in the hippocampus and neocortex: insights from the successes and failures of connectionist models of learning and memory.},
	author={McClelland, James L and McNaughton, Bruce L and O'reilly, Randall C},
	journal={Psychological review},
	volume={102},
	number={3},
	pages={419},
	year={1995},
	publisher={American Psychological Association}
}
@article{ratcliff1990connectionist,
	title={Connectionist models of recognition memory: Constraints imposed by learning and forgetting functions},
	author={Ratcliff, Roger},
	journal={Psychological review},
	volume={97},
	number={2},
	pages={285--308},
	year={1990}
}
@article{rusu2016progressive,
	title={Progressive neural networks},
	author={Rusu, Andrei A and Rabinowitz, Neil C and Desjardins, Guillaume and Soyer, Hubert and Kirkpatrick, James and Kavukcuoglu, Koray and Pascanu, Razvan and Hadsell, Raia},
	journal={arXiv preprint arXiv:1606.04671},
	year={2016}
}
@article{kirkpatrick2017overcoming,
  title={Overcoming catastrophic forgetting in neural networks},
  author={Kirkpatrick, James and Pascanu, Razvan and Rabinowitz, Neil and Veness, Joel and Desjardins, Guillaume and Rusu, Andrei A and Milan, Kieran and Quan, John and Ramalho, Tiago and Grabska-Barwinska, Agnieszka and others},
  journal={Proceedings of the National Academy of Sciences},
  pages={201611835},
  year={2017},
  publisher={National Acad Sciences}
}
@article{rusu2015policy,
	title={Policy distillation},
	author={Rusu, Andrei A and Colmenarejo, Sergio Gomez and Gulcehre, Caglar and Desjardins, Guillaume and Kirkpatrick, James and Pascanu, Razvan and Mnih, Volodymyr and Kavukcuoglu, Koray and Hadsell, Raia},
	journal={arXiv preprint arXiv:1511.06295},
	year={2015}
}
@inproceedings{parisotto16_actormimic,
  author    = {Emilio Parisotto and Jimmy Ba and Ruslan Salakhutdinov},
  title     = {Actor-Mimic: Deep Multitask and Transfer Reinforcement Learning},
  booktitle = {ICLR},
  year      = {2016}
}
@article{borsa2016learning,
  title={Learning Shared Representations in Multi-task Reinforcement Learning},
  author={Borsa, Diana and Graepel, Thore and Shawe-Taylor, John},
  journal={arXiv preprint arXiv:1603.02041},
  year={2016}
}
@inproceedings{romoff2016deep,
	title={Deep conditional multi-task learning in atari},
	author={Romoff, Joshua and Bengio, Emmanuel and Pineau, J},
  booktitle = {ICML Workshop},
	year={2016}
}
@article{sermanet2016unsupervised,
	title={Unsupervised Perceptual Rewards for Imitation Learning},
	author={Sermanet, Pierre and Xu, Kelvin and Levine, Sergey},
	journal={arXiv preprint arXiv:1612.06699},
	year={2016}
}
@article{lecun2015deep,
	title={Deep learning},
	author={LeCun, Yann and Bengio, Yoshua and Hinton, Geoffrey},
	journal={Nature},
	volume={521},
	number={7553},
	pages={436--444},
	year={2015},
	publisher={Nature Research}
}
@book{sutton1998reinforcement,
	title={Reinforcement learning: An introduction},
	author={Sutton, Richard S and Barto, Andrew G},
	volume={1},
	number={1},
	year={1998},
	publisher={MIT press Cambridge}
}
@article{mnih2015human,
	title={Human-level control through deep reinforcement learning},
	author={Mnih, Volodymyr and Kavukcuoglu, Koray and Silver, David and Rusu, Andrei A and Veness, Joel and Bellemare, Marc G and Graves, Alex and Riedmiller, Martin and Fidjeland, Andreas K and Ostrovski, Georg and others},
	journal={Nature},
	volume={518},
	number={7540},
	pages={529--533},
	year={2015},
	publisher={Nature Research}
}
@inproceedings{schaul2015prioritized,
	title={Prioritized experience replay},
	author={Schaul, Tom and Quan, John and Antonoglou, Ioannis and Silver, David},
	booktitle={ICLR},
	year={2015}
}
@article{mnih2016asynchronous,
	title={Asynchronous methods for deep reinforcement learning},
	author={Mnih, Volodymyr and Badia, Adria Puigdomenech and Mirza, Mehdi and Graves, Alex and Lillicrap, Timothy P and Harley, Tim and Silver, David and Kavukcuoglu, Koray},
	journal={ICML},
	year={2016}
}
@inproceedings{wang2016dueling,
  title={Dueling Network Architectures for Deep Reinforcement Learning},
  author={Wang, Ziyu and Schaul, Tom and Hessel, Matteo and Hasselt, Hado van and Lanctot, Marc and Freitas, Nando de},
  booktitle={ICML},
  pages={1995--2003},
  year={2016}
}
@inproceedings{van2016deep,
  title={Deep Reinforcement Learning with Double Q-Learning.},
  author={Van Hasselt, Hado and Guez, Arthur and Silver, David},
  booktitle={AAAI},
  year={2016}
}
@phdthesis{ring1994continual,
	title={Continual Learning in Reinforcement Environments},
	author={Ring, Mark Bishop},
	year={1994},
	school={University of Texas at Austin}
}
@inproceedings{silver2013lifelong,
	title={Lifelong Machine Learning Systems: Beyond Learning Algorithms.},
	author={Silver, Daniel L and Yang, Qiang and Li, Lianghao},
	booktitle={AAAI},
	year={2013},
	organization={Citeseer}
}
@article{taylor2011introduction,
	title={An introduction to intertask transfer for reinforcement learning},
	author={Taylor, Matthew E and Stone, Peter},
	booktitle={AI Magazine},
	volume={32},
	number={1},
	pages={15},
	year={2011}
}
@inproceedings{fahlman1990cascade,
  title={The Cascade-Correlation Learning Architecture},
  author={Fahlman, Scott E and Lebiere, Christian},
  booktitle={NIPS},
  pages={524--532},
  year={1990}
}
@inproceedings{terekhov2015knowledge,
	title={Knowledge transfer in deep block-modular neural networks},
	author={Terekhov, Alexander V and Montone, Guglielmo and Oâ€™Regan, J Kevin},
	booktitle={CBBS},
	year={2015}
}
@inproceedings{hausknecht2015deep,
  title={Deep Recurrent Q-Learning for Partially Observable MDPs},
  author={Hausknecht, Matthew and Stone, Peter},
  booktitle={AAAI},
  year={2015}
}
